<record><leader>00000cas a22000007a 4500</leader><controlfield tag="001">9637637</controlfield><controlfield tag="008">830623d18401946mduwr ne      0    0eng  </controlfield><datafield ind1=" " ind2=" " tag="010"><subfield code="a">sn 83016233 </subfield></datafield><datafield ind1=" " ind2=" " tag="040"><subfield code="a">DLC</subfield><subfield code="b">eng</subfield><subfield code="c">DLC</subfield><subfield code="d">NPU</subfield><subfield code="d">NPX</subfield><subfield code="d">MFN</subfield><subfield code="d">DLC</subfield><subfield code="d">OCLCQ</subfield><subfield code="d">DLC</subfield><subfield code="d">OCLCQ</subfield></datafield><datafield ind1=" " ind2=" " tag="042"><subfield code="a">msc</subfield></datafield><datafield ind1="0" ind2="0" tag="050"><subfield code="a">Newspaper</subfield></datafield><datafield ind1="0" ind2=" " tag="130"><subfield code="a">Kent news (Chestertown, Md.)</subfield></datafield><datafield ind1="1" ind2="4" tag="245"><subfield code="a">The Kent news.</subfield></datafield><datafield ind1=" " ind2=" " tag="260"><subfield code="a">Chestertown, Md. :</subfield><subfield code="b">S.W. Spencer</subfield></datafield><datafield ind1=" " ind2=" " tag="300"><subfield code="a">v.</subfield></datafield><datafield ind1=" " ind2=" " tag="310"><subfield code="a">Weekly</subfield></datafield><datafield ind1="1" ind2=" " tag="362"><subfield code="a">Began with May 2, 1840 issue?</subfield></datafield><datafield ind1="0" ind2=" " tag="362"><subfield code="a">-v. 121, no. 41 (Jan. 26, 1946).</subfield></datafield><datafield ind1=" " ind2=" " tag="588"><subfield code="a">Description based on: May 9, 1840.</subfield></datafield><datafield ind1=" " ind2=" " tag="752"><subfield code="a">United States</subfield><subfield code="b">Maryland</subfield><subfield code="c">Kent</subfield><subfield code="d">Chestertown.</subfield></datafield><datafield ind1="0" ind2="7" tag="785"><subfield code="t">Chestertown transcript</subfield><subfield code="w">(DLC)sn 84020325</subfield><subfield code="w">(OCoLC)10597363</subfield></datafield><datafield ind1="0" ind2="7" tag="785"><subfield code="t">Kent County news</subfield><subfield code="w">(DLC)sn 88065210</subfield></datafield><datafield ind1="1" ind2=" " tag="029"><subfield code="a">AU@</subfield><subfield code="b">000026220584</subfield></datafield></record>